Store_ID,Store_Type,State,City,Number_of_Sale_Items,Date,Total_Sales
20,D,Pichincha,Quito,1430,2016Q1,438344.7589999987
20,D,Pichincha,Quito,1465,2016Q2,464865.5729999993
20,D,Pichincha,Quito,1515,2016Q3,458016.0109999993
20,D,Pichincha,Quito,1693,2016Q4,533486.1750000003
20,D,Pichincha,Quito,2241,2017Q1,725037.7949000013
20,D,Pichincha,Quito,1713,2017Q2,531117.5620999995
20,D,Pichincha,Quito,2314,2017Q3,750608.8810000002
20,D,Pichincha,Quito,2405,2017Q4,892945.2801000016
20,D,Pichincha,Quito,1954,2018Q1,554766.5980000013
20,D,Pichincha,Quito,2515,2018Q2,704458.5950000008
20,D,Pichincha,Quito,2644,2018Q3,907250.7719999956
20,D,Pichincha,Quito,2909,2018Q4,954103.8839999976
20,D,Pichincha,Quito,2981,2019Q1,915922.7980000044
20,D,Pichincha,Quito,3047,2019Q2,970646.1669999972
20,D,Pichincha,Quito,3103,2019Q3,906309.6860000023
20,D,Pichincha,Quito,3269,2019Q4,1000614.0699999969
37,D,Pichincha,Quito,1436,2016Q1,642884.115999999
37,D,Pichincha,Quito,1471,2016Q2,692580.1050000001
37,D,Pichincha,Quito,1525,2016Q3,714555.3819999999
37,D,Pichincha,Quito,1710,2016Q4,815373.7049999997
37,D,Pichincha,Quito,2267,2017Q1,1097014.569899999
37,D,Pichincha,Quito,1756,2017Q2,829406.5450000017
37,D,Pichincha,Quito,2352,2017Q3,1139303.3090000025
37,D,Pichincha,Quito,2443,2017Q4,1360390.7191999976
37,D,Pichincha,Quito,1984,2018Q1,877729.5850000021
37,D,Pichincha,Quito,2581,2018Q2,1088427.7330000026
37,D,Pichincha,Quito,2696,2018Q3,1337533.4099999843
37,D,Pichincha,Quito,2932,2018Q4,1511351.311000006
37,D,Pichincha,Quito,3013,2019Q1,1385221.9729999958
37,D,Pichincha,Quito,3082,2019Q2,1660251.6319999956
37,D,Pichincha,Quito,3149,2019Q3,1316911.4180000026
37,D,Pichincha,Quito,3342,2019Q4,1520859.1710000006
52,D,Pichincha,Quito,1456,2016Q1,1457879.1539999985
52,D,Pichincha,Quito,1493,2016Q2,1574657.192000002
52,D,Pichincha,Quito,1556,2016Q3,1602914.3399999938
52,D,Pichincha,Quito,1723,2016Q4,1827210.4659999972
52,D,Pichincha,Quito,2299,2017Q1,2586992.952399988
52,D,Pichincha,Quito,1766,2017Q2,1860241.286700004
52,D,Pichincha,Quito,2373,2017Q3,2635338.680000001
52,D,Pichincha,Quito,2472,2017Q4,3208576.2240000144
52,D,Pichincha,Quito,2016,2018Q1,1956294.4570000016
52,D,Pichincha,Quito,2608,2018Q2,2521324.9499999955
52,D,Pichincha,Quito,2729,2018Q3,3338781.694999997
52,D,Pichincha,Quito,2977,2018Q4,3552819.763000001
52,D,Pichincha,Quito,3059,2019Q1,3339103.7709999904
52,D,Pichincha,Quito,3152,2019Q2,3407635.104000007
52,D,Pichincha,Quito,3242,2019Q3,3214666.5929999864
52,D,Pichincha,Quito,3428,2019Q4,3685123.205999986
51,D,Pichincha,Quito,1435,2016Q1,615517.6879999996
51,D,Pichincha,Quito,1468,2016Q2,642630.7840000018
51,D,Pichincha,Quito,1518,2016Q3,633265.2330000006
51,D,Pichincha,Quito,1687,2016Q4,720567.4269999987
51,D,Pichincha,Quito,2237,2017Q1,974938.7013999984
51,D,Pichincha,Quito,1741,2017Q2,745347.9530999961
51,D,Pichincha,Quito,2326,2017Q3,1051703.666000006
51,D,Pichincha,Quito,2403,2017Q4,1222875.6297000041
51,D,Pichincha,Quito,1979,2018Q1,782998.9719999976
51,D,Pichincha,Quito,2512,2018Q2,949417.0090000004
51,D,Pichincha,Quito,2642,2018Q3,1167403.827000004
51,D,Pichincha,Quito,2865,2018Q4,1284229.8949999982
51,D,Pichincha,Quito,2940,2019Q1,1242295.032999993
51,D,Pichincha,Quito,2981,2019Q2,1248599.2909999846
51,D,Pichincha,Quito,3042,2019Q3,1161327.7570000042
51,D,Pichincha,Quito,3205,2019Q4,1340142.5880000056
46,D,Santo Domingo de los Tsachilas,Santo Domingo,1410,2016Q1,607788.1050000015
46,D,Santo Domingo de los Tsachilas,Santo Domingo,1440,2016Q2,623526.9670000004
46,D,Santo Domingo de los Tsachilas,Santo Domingo,1494,2016Q3,640595.6609999987
46,D,Santo Domingo de los Tsachilas,Santo Domingo,1657,2016Q4,707447.6940000006
46,D,Santo Domingo de los Tsachilas,Santo Domingo,2181,2017Q1,886209.5631000038
46,D,Santo Domingo de los Tsachilas,Santo Domingo,1711,2017Q2,675291.6614999999
46,D,Santo Domingo de los Tsachilas,Santo Domingo,2262,2017Q3,933128.7310000005
46,D,Santo Domingo de los Tsachilas,Santo Domingo,2366,2017Q4,1114008.2259999958
46,D,Santo Domingo de los Tsachilas,Santo Domingo,1939,2018Q1,723027.3800000008
46,D,Santo Domingo de los Tsachilas,Santo Domingo,2472,2018Q2,848651.6679999997
46,D,Santo Domingo de los Tsachilas,Santo Domingo,2619,2018Q3,953047.8429999958
46,D,Santo Domingo de los Tsachilas,Santo Domingo,2836,2018Q4,993416.0589999978
46,D,Santo Domingo de los Tsachilas,Santo Domingo,2878,2019Q1,875073.1810000017
46,D,Santo Domingo de los Tsachilas,Santo Domingo,2932,2019Q2,883937.226999997
46,D,Santo Domingo de los Tsachilas,Santo Domingo,3022,2019Q3,881392.0660000059
46,D,Santo Domingo de los Tsachilas,Santo Domingo,3192,2019Q4,957866.5119999959
13,D,Pichincha,Quito,1448,2016Q1,815236.0710000005
13,D,Pichincha,Quito,1479,2016Q2,873237.5459999981
13,D,Pichincha,Quito,1533,2016Q3,861238.2840000006
13,D,Pichincha,Quito,1710,2016Q4,996685.7159999972
13,D,Pichincha,Quito,2267,2017Q1,1298006.2812000015
13,D,Pichincha,Quito,1747,2017Q2,1019272.3149999965
13,D,Pichincha,Quito,2341,2017Q3,1326822.8860000009
13,D,Pichincha,Quito,2425,2017Q4,1571869.0797999988
13,D,Pichincha,Quito,1982,2018Q1,1053939.3830000022
13,D,Pichincha,Quito,2557,2018Q2,1267404.639999999
13,D,Pichincha,Quito,2696,2018Q3,1549051.4509999962
13,D,Pichincha,Quito,2928,2018Q4,1673325.6340000096
13,D,Pichincha,Quito,3003,2019Q1,1644945.8970000057
13,D,Pichincha,Quito,3063,2019Q2,1695563.9430000044
13,D,Pichincha,Quito,3155,2019Q3,1536497.1799999988
13,D,Pichincha,Quito,3347,2019Q4,1758342.56800001
35,D,Pichincha,Quito,1442,2016Q1,726422.6949999994
35,D,Pichincha,Quito,1479,2016Q2,813419.3690000002
35,D,Pichincha,Quito,1534,2016Q3,792877.9560000001
35,D,Pichincha,Quito,1709,2016Q4,950589.9030000002
35,D,Pichincha,Quito,2264,2017Q1,1395001.4275999954
35,D,Pichincha,Quito,1742,2017Q2,973260.9193999964
35,D,Pichincha,Quito,2350,2017Q3,1403735.3919999958
35,D,Pichincha,Quito,2425,2017Q4,1683376.3364999974
35,D,Pichincha,Quito,1969,2018Q1,987180.9850000008
35,D,Pichincha,Quito,2538,2018Q2,1319165.6739999966
35,D,Pichincha,Quito,2693,2018Q3,1754483.2909999918
35,D,Pichincha,Quito,2917,2018Q4,1855052.724999996
35,D,Pichincha,Quito,2965,2019Q1,1863452.546000002
35,D,Pichincha,Quito,3048,2019Q2,1932312.9380000012
35,D,Pichincha,Quito,3133,2019Q3,1771871.846
35,D,Pichincha,Quito,3321,2019Q4,1951856.4310000048
7,D,Pichincha,Quito,1468,2016Q1,920313.8580000015
7,D,Pichincha,Quito,1494,2016Q2,980424.6359999976
7,D,Pichincha,Quito,1561,2016Q3,970561.9799999972
7,D,Pichincha,Quito,1733,2016Q4,1126462.9199999988
7,D,Pichincha,Quito,2308,2017Q1,1602869.814099994
7,D,Pichincha,Quito,1774,2017Q2,1131393.0530999985
7,D,Pichincha,Quito,2392,2017Q3,1637694.7282000082
7,D,Pichincha,Quito,2489,2017Q4,1982298.5168999918
7,D,Pichincha,Quito,2034,2018Q1,1170696.474999998
7,D,Pichincha,Quito,2612,2018Q2,1478430.6209999968
7,D,Pichincha,Quito,2743,2018Q3,1939873.8700000043
7,D,Pichincha,Quito,3004,2018Q4,2106699.354999991
7,D,Pichincha,Quito,3084,2019Q1,1951526.8139999984
7,D,Pichincha,Quito,3155,2019Q2,2082680.5439999828
7,D,Pichincha,Quito,3243,2019Q3,1936399.3029999947
7,D,Pichincha,Quito,3433,2019Q4,2222201.215999991
40,B,Pichincha,Quito,1252,2016Q1,881686.4410000008
40,B,Pichincha,Quito,1295,2016Q2,997417.633000001
40,B,Pichincha,Quito,1356,2016Q3,1015167.3249999988
40,B,Pichincha,Quito,1494,2016Q4,1132583.4380000015
40,B,Pichincha,Quito,1975,2017Q1,1263093.2999000007
40,B,Pichincha,Quito,1526,2017Q2,1094972.5444999996
40,B,Pichincha,Quito,2071,2017Q3,1376909.1439999943
40,B,Pichincha,Quito,2127,2017Q4,1627880.451
40,B,Pichincha,Quito,1752,2018Q1,1149631.8330000015
40,B,Pichincha,Quito,2242,2018Q2,1376080.0289999968
40,B,Pichincha,Quito,2368,2018Q3,1613177.5990000046
40,B,Pichincha,Quito,2567,2018Q4,1707945.0629999943
40,B,Pichincha,Quito,2605,2019Q1,1639614.8560000071
40,B,Pichincha,Quito,2672,2019Q2,1736102.7950000004
40,B,Pichincha,Quito,2747,2019Q3,1591145.4460000012
40,B,Pichincha,Quito,2883,2019Q4,1827393.0860000008
39,C,Pichincha,Quito,934,2016Q1,358820.3870000002
39,C,Pichincha,Quito,980,2016Q2,426678.6099999997
39,C,Pichincha,Quito,1019,2016Q3,423001.73399999936
39,C,Pichincha,Quito,1129,2016Q4,464691.2219999998
39,C,Pichincha,Quito,1466,2017Q1,507107.4437
39,C,Pichincha,Quito,1162,2017Q2,453376.4771
39,C,Pichincha,Quito,1586,2017Q3,527607.0820000021
39,C,Pichincha,Quito,1626,2017Q4,583104.1259999991
39,C,Pichincha,Quito,1359,2018Q1,434262.08500000014
39,C,Pichincha,Quito,1686,2018Q2,505519.7670000003
39,C,Pichincha,Quito,1792,2018Q3,561224.1129999992
39,C,Pichincha,Quito,1947,2018Q4,615049.3179999996
39,C,Pichincha,Quito,1959,2019Q1,556803.4420000005
39,C,Pichincha,Quito,1973,2019Q2,589956.0370000002
39,C,Pichincha,Quito,2048,2019Q3,541440.1970000003
39,C,Pichincha,Quito,2155,2019Q4,602990.9770000007
23,B,Pichincha,Cayambe,1218,2016Q1,998930.804
23,B,Pichincha,Cayambe,1264,2016Q2,1094181.489999999
23,B,Pichincha,Cayambe,1317,2016Q3,1168223.8200000015
23,B,Pichincha,Cayambe,1445,2016Q4,1308165.830000002
23,B,Pichincha,Cayambe,1896,2017Q1,1433616.2644000098
23,B,Pichincha,Cayambe,1447,2017Q2,1278527.9484
23,B,Pichincha,Cayambe,1995,2017Q3,1483040.7540000028
23,B,Pichincha,Cayambe,2089,2017Q4,1675677.5350000015
23,B,Pichincha,Cayambe,1721,2018Q1,1291183.2219999977
23,B,Pichincha,Cayambe,2173,2018Q2,1465909.6459999962
23,B,Pichincha,Cayambe,2338,2018Q3,1649330.291000001
23,B,Pichincha,Cayambe,2542,2018Q4,1780287.1970000032
23,B,Pichincha,Cayambe,2573,2019Q1,1698698.1750000003
23,B,Pichincha,Cayambe,2617,2019Q2,1731297.5350000027
23,B,Pichincha,Cayambe,2678,2019Q3,1730226.6449999954
23,B,Pichincha,Cayambe,2843,2019Q4,1913530.3189999938
16,C,Cotopaxi,Latacunga,956,2016Q1,379971.5789999999
16,C,Cotopaxi,Latacunga,997,2016Q2,443509.07900000026
16,C,Cotopaxi,Latacunga,1030,2016Q3,425047.3549999997
16,C,Cotopaxi,Latacunga,1137,2016Q4,478233.7600000004
16,C,Cotopaxi,Latacunga,1428,2017Q1,530768.0806000006
16,C,Cotopaxi,Latacunga,1138,2017Q2,468140.1966999993
16,C,Cotopaxi,Latacunga,1506,2017Q3,540473.146999999
16,C,Cotopaxi,Latacunga,1565,2017Q4,655206.4529999993
16,C,Cotopaxi,Latacunga,1313,2018Q1,494166.5759999989
16,C,Cotopaxi,Latacunga,1721,2018Q2,275222.67699999985
16,C,Cotopaxi,Latacunga,1844,2018Q3,691077.8130000003
16,C,Cotopaxi,Latacunga,2010,2018Q4,705203.0429999988
16,C,Cotopaxi,Latacunga,2034,2019Q1,679641.1059999986
16,C,Cotopaxi,Latacunga,2089,2019Q2,713549.2649999979
16,C,Cotopaxi,Latacunga,2148,2019Q3,641177.7019999989
16,C,Cotopaxi,Latacunga,2282,2019Q4,743717.9420000005
38,C,Cotopaxi,Latacunga,935,2016Q1,362502.8000000001
38,C,Cotopaxi,Latacunga,964,2016Q2,420261.30899999896
38,C,Cotopaxi,Latacunga,1007,2016Q3,402525.65200000023
38,C,Cotopaxi,Latacunga,1113,2016Q4,444915.36600000045
38,C,Cotopaxi,Latacunga,1394,2017Q1,506547.7666999986
38,C,Cotopaxi,Latacunga,1108,2017Q2,445209.0113999996
38,C,Cotopaxi,Latacunga,1482,2017Q3,531071.6610000003
38,C,Cotopaxi,Latacunga,1547,2017Q4,661960.4800000003
38,C,Cotopaxi,Latacunga,1328,2018Q1,530615.2739999997
38,C,Cotopaxi,Latacunga,1634,2018Q2,767404.1640000013
38,C,Cotopaxi,Latacunga,1740,2018Q3,680590.4570000003
38,C,Cotopaxi,Latacunga,1895,2018Q4,674303.366999999
38,C,Cotopaxi,Latacunga,1931,2019Q1,637047.0249999999
38,C,Cotopaxi,Latacunga,1975,2019Q2,633661.2520000001
38,C,Cotopaxi,Latacunga,2059,2019Q3,586727.739000001
38,C,Cotopaxi,Latacunga,2173,2019Q4,662749.918999999
29,C,Chimborazo,Riobamba,911,2016Q1,466125.285
29,C,Chimborazo,Riobamba,962,2016Q2,471638.765
29,C,Chimborazo,Riobamba,1001,2016Q3,479748.1609999996
29,C,Chimborazo,Riobamba,1095,2016Q4,532841.4359999999
29,C,Chimborazo,Riobamba,1357,2017Q1,603981.2155999995
29,C,Chimborazo,Riobamba,1103,2017Q2,506971.56180000026
29,C,Chimborazo,Riobamba,1604,2017Q3,399190.8987
29,C,Chimborazo,Riobamba,1638,2017Q4,693068.1003
29,C,Chimborazo,Riobamba,1352,2018Q1,521853.86299999995
29,C,Chimborazo,Riobamba,1670,2018Q2,606537.7859999997
29,C,Chimborazo,Riobamba,1791,2018Q3,677085.8320000023
29,C,Chimborazo,Riobamba,1945,2018Q4,719961.8229999985
29,C,Chimborazo,Riobamba,1991,2019Q1,671516.8050000004
29,C,Chimborazo,Riobamba,2020,2019Q2,707018.9830000015
29,C,Chimborazo,Riobamba,2079,2019Q3,670826.1279999985
29,C,Chimborazo,Riobamba,2209,2019Q4,792262.7109999986
43,C,Imbabura,Ibarra,965,2016Q1,388862.0270000004
43,C,Imbabura,Ibarra,1023,2016Q2,475418.657
43,C,Imbabura,Ibarra,1046,2016Q3,474069.7319999996
43,C,Imbabura,Ibarra,1159,2016Q4,446289.8279999999
43,C,Imbabura,Ibarra,1510,2017Q1,539608.5254000003
43,C,Imbabura,Ibarra,1179,2017Q2,484024.6340000005
43,C,Imbabura,Ibarra,1620,2017Q3,591125.247500001
43,C,Imbabura,Ibarra,1653,2017Q4,670106.285000001
43,C,Imbabura,Ibarra,1381,2018Q1,515440.9649999994
43,C,Imbabura,Ibarra,1736,2018Q2,622149.6870000004
43,C,Imbabura,Ibarra,1869,2018Q3,735778.7969999963
43,C,Imbabura,Ibarra,2031,2018Q4,746171.7919999979
43,C,Imbabura,Ibarra,2093,2019Q1,696370.3020000006
43,C,Imbabura,Ibarra,2151,2019Q2,737718.516000004
43,C,Imbabura,Ibarra,2219,2019Q3,709496.5879999981
43,C,Imbabura,Ibarra,2335,2019Q4,763171.8479999973
48,C,Santo Domingo de los Tsachilas,Santo Domingo,977,2016Q1,416088.32799999963
48,C,Santo Domingo de los Tsachilas,Santo Domingo,1006,2016Q2,480007.7629999994
48,C,Santo Domingo de los Tsachilas,Santo Domingo,1054,2016Q3,513920.3139999992
48,C,Santo Domingo de los Tsachilas,Santo Domingo,1139,2016Q4,516363.8990000002
48,C,Santo Domingo de los Tsachilas,Santo Domingo,1483,2017Q1,645622.0838000018
48,C,Santo Domingo de los Tsachilas,Santo Domingo,1163,2017Q2,515133.5377999989
48,C,Santo Domingo de los Tsachilas,Santo Domingo,1572,2017Q3,708830.9049999996
48,C,Santo Domingo de los Tsachilas,Santo Domingo,1621,2017Q4,802417.3929999998
48,C,Santo Domingo de los Tsachilas,Santo Domingo,1369,2018Q1,574611.4709999993
48,C,Santo Domingo de los Tsachilas,Santo Domingo,1719,2018Q2,700107.6209999998
48,C,Santo Domingo de los Tsachilas,Santo Domingo,1834,2018Q3,664554.8480000029
48,C,Santo Domingo de los Tsachilas,Santo Domingo,1991,2018Q4,604355.1880000011
48,C,Santo Domingo de los Tsachilas,Santo Domingo,1994,2019Q1,573766.4750000002
48,C,Santo Domingo de los Tsachilas,Santo Domingo,2079,2019Q2,616167.3509999992
48,C,Santo Domingo de los Tsachilas,Santo Domingo,2137,2019Q3,590243.2029999993
48,C,Santo Domingo de los Tsachilas,Santo Domingo,2275,2019Q4,580840.7639999996
33,C,Pichincha,Quito,972,2016Q1,517578.70699999953
33,C,Pichincha,Quito,1015,2016Q2,595731.2569999989
33,C,Pichincha,Quito,1061,2016Q3,589916.7609999994
33,C,Pichincha,Quito,1165,2016Q4,631129.0280000006
33,C,Pichincha,Quito,1477,2017Q1,761552.7281000004
33,C,Pichincha,Quito,1186,2017Q2,672573.571299999
33,C,Pichincha,Quito,1579,2017Q3,819175.6149999991
33,C,Pichincha,Quito,1617,2017Q4,962456.13
33,C,Pichincha,Quito,1392,2018Q1,732933.9390000005
33,C,Pichincha,Quito,1759,2018Q2,892574.6859999985
33,C,Pichincha,Quito,1886,2018Q3,1131137.9910000023
33,C,Pichincha,Quito,2059,2018Q4,1155597.0040000004
33,C,Pichincha,Quito,2152,2019Q1,1154512.3010000016
33,C,Pichincha,Quito,2249,2019Q2,1385757.4220000042
33,C,Pichincha,Quito,2320,2019Q3,1282013.333000009
33,C,Pichincha,Quito,2444,2019Q4,1379068.6140000015
14,B,Pichincha,Quito,1236,2016Q1,437835.42900000094
14,B,Pichincha,Quito,1298,2016Q2,503516.4019999993
14,B,Pichincha,Quito,1338,2016Q3,478213.0859999998
14,B,Pichincha,Quito,1480,2016Q4,551207.7369999993
14,B,Pichincha,Quito,1939,2017Q1,697535.050699999
14,B,Pichincha,Quito,1532,2017Q2,558790.3220999998
14,B,Pichincha,Quito,2043,2017Q3,788400.7179999995
14,B,Pichincha,Quito,2096,2017Q4,890921.5720000014
14,B,Pichincha,Quito,1724,2018Q1,579500.8539999996
14,B,Pichincha,Quito,2157,2018Q2,722073.6400000022
14,B,Pichincha,Quito,2306,2018Q3,859006.8590000016
14,B,Pichincha,Quito,2499,2018Q4,915260.074000002
14,B,Pichincha,Quito,2552,2019Q1,891760.8360000019
14,B,Pichincha,Quito,2645,2019Q2,1036334.6059999982
14,B,Pichincha,Quito,2615,2019Q3,428326.66300000023
14,B,Pichincha,Quito,2853,2019Q4,334273.6400000006
50,C,Bolivar,Guaranda,961,2016Q1,393694.19499999954
50,C,Bolivar,Guaranda,1002,2016Q2,436255.03500000073
50,C,Bolivar,Guaranda,1041,2016Q3,458097.3010000009
50,C,Bolivar,Guaranda,1137,2016Q4,542345.172
50,C,Bolivar,Guaranda,1470,2017Q1,612783.6461999997
50,C,Bolivar,Guaranda,1169,2017Q2,549065.0977
50,C,Bolivar,Guaranda,1581,2017Q3,675275.8679999998
50,C,Bolivar,Guaranda,1622,2017Q4,792948.0430000006
50,C,Bolivar,Guaranda,1370,2018Q1,646333.291999999
50,C,Bolivar,Guaranda,1699,2018Q2,728255.3270000011
50,C,Bolivar,Guaranda,1854,2018Q3,830964.581999999
50,C,Bolivar,Guaranda,1983,2018Q4,918761.8380000016
50,C,Bolivar,Guaranda,2023,2019Q1,858411.0030000014
50,C,Bolivar,Guaranda,2081,2019Q2,825388.2879999988
50,C,Bolivar,Guaranda,2157,2019Q3,754683.0960000001
50,C,Bolivar,Guaranda,2276,2019Q4,905431.2700000008
12,B,Pichincha,Quito,1739,2018Q1,513798.8579999993
12,B,Pichincha,Quito,2243,2018Q2,1001345.1189999976
12,B,Pichincha,Quito,2333,2018Q3,1171931.520000001
12,B,Pichincha,Quito,2523,2018Q4,1194839.0410000046
12,B,Pichincha,Quito,2577,2019Q1,1217173.7149999992
12,B,Pichincha,Quito,2635,2019Q2,1559858.0680000011
12,B,Pichincha,Quito,2714,2019Q3,1261438.327999998
12,B,Pichincha,Quito,2876,2019Q4,1388313.409999999
45,B,Santo Domingo de los Tsachilas,Santo Domingo,2394,2018Q3,1023579.048999998
45,B,Santo Domingo de los Tsachilas,Santo Domingo,2542,2018Q4,1125163.603000003
45,B,Santo Domingo de los Tsachilas,Santo Domingo,2558,2019Q1,949738.2699999996
45,B,Santo Domingo de los Tsachilas,Santo Domingo,2621,2019Q2,1007206.3369999992
45,B,Santo Domingo de los Tsachilas,Santo Domingo,2675,2019Q3,1040576.7009999992
45,B,Santo Domingo de los Tsachilas,Santo Domingo,2827,2019Q4,1129185.3460000015
49,C,Pastaza,Puyo,2052,2018Q4,512605.2999999995
49,C,Pastaza,Puyo,2040,2019Q1,462675.6229999982
49,,,,2105,2019Q2,
49,,,,2169,2019Q3,
49,C,Pastaza,Puyo,2302,2019Q4,578319.0879999985
25,D,Tungurahua,Ambato,1377,2016Q1,459785.7089999997
25,D,Tungurahua,Ambato,1382,2016Q2,489188.1359999997
25,D,Tungurahua,Ambato,1454,2016Q3,481031.94100000005
25,D,Tungurahua,Ambato,1614,2016Q4,515820.9569999984
25,D,Tungurahua,Ambato,2124,2017Q1,622408.0421000011
25,D,Tungurahua,Ambato,1653,2017Q2,477807.53710000037
25,D,Tungurahua,Ambato,2183,2017Q3,600518.1761000016
25,D,Tungurahua,Ambato,2260,2017Q4,710019.5470000019
25,D,Tungurahua,Ambato,1834,2018Q1,471083.56200000143
25,D,Tungurahua,Ambato,2364,2018Q2,551467.6640000002
25,D,Tungurahua,Ambato,2515,2018Q3,666977.2100000011
25,D,Tungurahua,Ambato,2708,2018Q4,752404.8250000014
25,D,Tungurahua,Ambato,2738,2019Q1,726074.0530000004
25,D,Tungurahua,Ambato,2801,2019Q2,730660.8019999965
25,D,Tungurahua,Ambato,2881,2019Q3,691446.6549999992
25,D,Tungurahua,Ambato,3024,2019Q4,798788.287000001
53,D,Guayas,Guayaquil,1406,2016Q1,864795.6379999969
53,D,Guayas,Guayaquil,1436,2016Q2,914547.4870000016
53,D,Guayas,Guayaquil,1493,2016Q3,950339.1429999982
53,D,Guayas,Guayaquil,1648,2016Q4,978602.2930000054
53,D,Guayas,Guayaquil,2175,2017Q1,1277916.777200003
53,D,Guayas,Guayaquil,1503,2017Q2,132135.4869
53,D,Guayas,Guayaquil,2330,2017Q3,904098.442000002
53,D,Guayas,Guayaquil,2426,2017Q4,1610989.4206999957
53,D,Guayas,Guayaquil,1945,2018Q1,978075.682999999
53,D,Guayas,Guayaquil,2511,2018Q2,1229453.8679999963
53,D,Guayas,Guayaquil,2627,2018Q3,1618096.8669999982
53,D,Guayas,Guayaquil,2875,2018Q4,1771840.8049999946
53,D,Guayas,Guayaquil,2940,2019Q1,1541703.0610000018
53,D,Guayas,Guayaquil,3013,2019Q2,1637529.259
53,D,Guayas,Guayaquil,3086,2019Q3,1557321.7310000057
53,D,Guayas,Guayaquil,3276,2019Q4,1741809.997
5,D,Santa Elena,Salinas,1313,2016Q1,546807.2160000005
5,D,Santa Elena,Salinas,1339,2016Q2,340760.650000002
5,D,Santa Elena,Salinas,1381,2016Q3,315148.4230000002
5,D,Santa Elena,Salinas,1552,2016Q4,461013.6009999996
5,D,Santa Elena,Salinas,2006,2017Q1,702906.7533999968
5,D,Santa Elena,Salinas,1575,2017Q2,415896.3202
5,D,Santa Elena,Salinas,2046,2017Q3,497283.1062000026
5,D,Santa Elena,Salinas,2164,2017Q4,743608.9227999983
5,D,Santa Elena,Salinas,1805,2018Q1,634963.7839999985
5,D,Santa Elena,Salinas,2267,2018Q2,555722.6370000024
5,D,Santa Elena,Salinas,2391,2018Q3,629650.4400000005
5,D,Santa Elena,Salinas,2613,2018Q4,78563737.09999989
5,D,Santa Elena,Salinas,2669,2019Q1,941092.5300000012
5,D,Santa Elena,Salinas,2691,2019Q2,618812.4399999969
5,D,Santa Elena,Salinas,2653,2019Q3,405182.34800000134
5,D,Santa Elena,Salinas,3245,2019Q4,689242.3030000004
1,D,Guayas,Guayaquil,1296,2016Q1,347396.7269999999
1,D,Guayas,Guayaquil,1333,2016Q2,370332.77199999936
1,D,Guayas,Guayaquil,1359,2016Q3,360961.9690000008
1,D,Guayas,Guayaquil,1517,2016Q4,394270.6000000001
1,D,Guayas,Guayaquil,1995,2017Q1,409228.12530000025
1,D,Guayas,Guayaquil,1544,2017Q2,323237.5453999993
1,D,Guayas,Guayaquil,2053,2017Q3,388020.4579999977
1,D,Guayas,Guayaquil,2142,2017Q4,597304.3220000037
1,D,Guayas,Guayaquil,1757,2018Q1,317627.9900000008
1,D,Guayas,Guayaquil,2251,2018Q2,352418.925999999
1,D,Guayas,Guayaquil,2398,2018Q3,423982.1699999981
1,D,Guayas,Guayaquil,2619,2018Q4,550406.0279999999
1,D,Guayas,Guayaquil,2659,2019Q1,393330.3879999992
1,D,Guayas,Guayaquil,2702,2019Q2,425916.0580000001
1,D,Guayas,Guayaquil,2719,2019Q3,388143.20699999883
1,D,Guayas,Guayaquil,2926,2019Q4,549429.5709999986
28,D,Guayas,Daule,1413,2016Q1,502043.8819999997
28,D,Guayas,Daule,1429,2016Q2,604627.8390000014
28,D,Guayas,Daule,1485,2016Q3,677870.3799999986
28,D,Guayas,Daule,1635,2016Q4,633377.5410000009
28,D,Guayas,Daule,2186,2017Q1,861057.5111999962
28,D,Guayas,Daule,1683,2017Q2,704931.4396999985
28,D,Guayas,Daule,2262,2017Q3,969625.4949999985
28,D,Guayas,Daule,2353,2017Q4,1164593.8790000041
28,D,Guayas,Daule,1914,2018Q1,826723.4210000016
28,D,Guayas,Daule,2479,2018Q2,978947.0150000036
28,D,Guayas,Daule,2618,2018Q3,1265058.957999995
28,D,Guayas,Daule,2842,2018Q4,1260130.2319999973
28,D,Guayas,Daule,2916,2019Q1,1206793.761999995
28,D,Guayas,Daule,2986,2019Q2,1344959.394999994
28,D,Guayas,Daule,3056,2019Q3,1284236.9059999995
28,D,Guayas,Daule,3210,2019Q4,1396015.1070000087
32,E,Guayas,Guayaquil,1264,2016Q1,415759.1969999997
32,E,Guayas,Guayaquil,1312,2016Q2,559893.5190000002
32,E,Guayas,Guayaquil,1353,2016Q3,641272.8500000009
32,E,Guayas,Guayaquil,1490,2016Q4,650743.4109999986
32,E,Guayas,Guayaquil,1944,2017Q1,821454.4139999992
32,E,Guayas,Guayaquil,1511,2017Q2,674794.0444000011
32,E,Guayas,Guayaquil,1999,2017Q3,924625.016000005
32,E,Guayas,Guayaquil,2050,2017Q4,1111634.7470000014
32,E,Guayas,Guayaquil,1728,2018Q1,788537.1369999999
32,E,Guayas,Guayaquil,2141,2018Q2,958447.6499999992
32,E,Guayas,Guayaquil,2258,2018Q3,1189786.8940000006
32,E,Guayas,Guayaquil,2466,2018Q4,1185548.8229999968
32,E,Guayas,Guayaquil,2493,2019Q1,1139547.1319999986
32,E,Guayas,Guayaquil,2594,2019Q2,1317131.4740000004
32,E,Guayas,Guayaquil,2646,2019Q3,1256364.9229999993
32,E,Guayas,Guayaquil,2786,2019Q4,1327303.662000005
41,E,Guayas,Guayaquil,1693,2018Q1,131061.09399999988
41,E,Guayas,Guayaquil,2165,2018Q2,729510.7189999996
41,E,Guayas,Guayaquil,2296,2018Q3,942301.120000002
41,E,Guayas,Guayaquil,2484,2018Q4,928666.071
41,E,Guayas,Guayaquil,2520,2019Q1,917065.8600000013
41,E,Guayas,Guayaquil,2580,2019Q2,1089263.1879999952
41,E,Guayas,Guayaquil,2664,2019Q3,1054413.441999999
41,E,Guayas,Guayaquil,2818,2019Q4,1120800.0319999994
3,C,Guayas,Guayaquil,942,2016Q1,218564.89500000028
3,C,Guayas,Guayaquil,978,2016Q2,261872.65399999983
3,C,Guayas,Guayaquil,1059,2016Q3,226213.01999999984
3,C,Guayas,Guayaquil,1145,2016Q4,311222.487
3,C,Guayas,Guayaquil,1461,2017Q1,347449.54519999947
3,C,Guayas,Guayaquil,1138,2017Q2,287591.0912999998
3,C,Guayas,Guayaquil,1535,2017Q3,381656.5810000014
3,C,Guayas,Guayaquil,1573,2017Q4,452142.648999999
3,C,Guayas,Guayaquil,1330,2018Q1,316247.1109999996
3,C,Guayas,Guayaquil,1664,2018Q2,373020.4710000007
3,C,Guayas,Guayaquil,1776,2018Q3,467785.6619999998
3,C,Guayas,Guayaquil,1919,2018Q4,486773.92500000115
3,C,Guayas,Guayaquil,1964,2019Q1,461620.58899999893
3,C,Guayas,Guayaquil,2028,2019Q2,511202.173000001
3,C,Guayas,Guayaquil,2081,2019Q3,466959.77799999795
3,C,Guayas,Guayaquil,2247,2019Q4,505353.19000000047
31,B,Los Rios,Babahoyo,1194,2016Q1,509186.0600000003
31,B,Los Rios,Babahoyo,1244,2016Q2,575113.8630000011
31,B,Los Rios,Babahoyo,1294,2016Q3,601982.4089999988
31,B,Los Rios,Babahoyo,1411,2016Q4,704734.8759999998
31,B,Los Rios,Babahoyo,1842,2017Q1,860902.7632999977
31,B,Los Rios,Babahoyo,1440,2017Q2,692616.8153000011
31,B,Los Rios,Babahoyo,1952,2017Q3,882999.7920000019
31,B,Los Rios,Babahoyo,2013,2017Q4,1138308.8320000002
31,B,Los Rios,Babahoyo,1676,2018Q1,777769.8659999998
31,B,Los Rios,Babahoyo,2117,2018Q2,924467.0499999988
31,B,Los Rios,Babahoyo,2255,2018Q3,1146118.5999999943
31,B,Los Rios,Babahoyo,2453,2018Q4,1273550.892
31,B,Los Rios,Babahoyo,2482,2019Q1,1103584.6019999979
31,B,Los Rios,Babahoyo,2560,2019Q2,1155807.2809999988
31,B,Los Rios,Babahoyo,2620,2019Q3,1115717.446
31,B,Los Rios,Babahoyo,2778,2019Q4,1265097.5060000014
9,C,Guayas,Guayaquil,902,2016Q1,220665.9830000004
9,C,Guayas,Guayaquil,952,2016Q2,245093.73900000038
9,C,Guayas,Guayaquil,984,2016Q3,247796.6920000004
9,C,Guayas,Guayaquil,1096,2016Q4,249573.055
9,C,Guayas,Guayaquil,1361,2017Q1,275696.48890000023
9,C,Guayas,Guayaquil,1116,2017Q2,237246.9045999997
9,C,Guayas,Guayaquil,1448,2017Q3,295450.9629
9,C,Guayas,Guayaquil,1489,2017Q4,333014.7001999998
9,C,Guayas,Guayaquil,1276,2018Q1,263336.57100000035
9,C,Guayas,Guayaquil,1574,2018Q2,289253.2769999999
9,C,Guayas,Guayaquil,1668,2018Q3,335502.5440000005
9,C,Guayas,Guayaquil,1857,2018Q4,347865.0960000003
9,C,Guayas,Guayaquil,1890,2019Q1,346783.5339999994
9,C,Guayas,Guayaquil,1946,2019Q2,368432.67800000036
9,C,Guayas,Guayaquil,1984,2019Q3,354638.02500000026
9,C,Guayas,Guayaquil,2139,2019Q4,410803.36700000096
15,C,Los Rios,Quevedo,963,2016Q1,448218.31700000016
15,C,Los Rios,Quevedo,1003,2016Q2,520899.2759999998
15,C,Los Rios,Quevedo,1040,2016Q3,550822.5759999992
15,C,Los Rios,Quevedo,1147,2016Q4,595392.537999999
15,C,Los Rios,Quevedo,1451,2017Q1,763588.0472999995
15,C,Los Rios,Quevedo,1168,2017Q2,595789.9045999999
15,C,Los Rios,Quevedo,1542,2017Q3,826418.1089999994
15,C,Los Rios,Quevedo,1659,2017Q4,979821.2550000013
15,C,Los Rios,Quevedo,1389,2018Q1,632967.7539999996
15,C,Los Rios,Quevedo,1745,2018Q2,739876.4269999979
15,C,Los Rios,Quevedo,1857,2018Q3,915815.3380000021
15,C,Los Rios,Quevedo,2018,2018Q4,944731.6989999998
15,C,Los Rios,Quevedo,2042,2019Q1,857574.7379999987
15,C,Los Rios,Quevedo,2114,2019Q2,856581.5540000013
15,C,Los Rios,Quevedo,2169,2019Q3,824698.8860000016
15,C,Los Rios,Quevedo,2295,2019Q4,924913.7149999988
22,B,Guayas,Guayaquil,1199,2016Q1,608377.7790000008
22,B,Guayas,Guayaquil,1251,2016Q2,685486.3510000005
22,B,Guayas,Guayaquil,1272,2016Q3,730184.0560000007
22,B,Guayas,Guayaquil,1407,2016Q4,853651.3440000003
22,B,Guayas,Guayaquil,1878,2017Q1,962480.9029000008
22,B,Guayas,Guayaquil,1472,2017Q2,780766.1677
22,B,Guayas,Guayaquil,1981,2017Q3,988106.3860000048
22,B,Guayas,Guayaquil,2038,2017Q4,1131734.1191999966
22,B,Guayas,Guayaquil,1689,2018Q1,809844.9750000007
22,B,Guayas,Guayaquil,2122,2018Q2,866754.4699999995
22,B,Guayas,Guayaquil,2257,2018Q3,1014018.26
22,B,Guayas,Guayaquil,2440,2018Q4,1064292.6509999998
22,B,Guayas,Guayaquil,2516,2019Q1,967978.097999998
22,B,Guayas,Guayaquil,2558,2019Q2,992959.2810000016
22,B,Guayas,Guayaquil,2621,2019Q3,983880.9919999986
22,B,Guayas,Guayaquil,2785,2019Q4,1080042.0020000015
8,C,Guayas,Playas,962,2016Q1,264670.3680000002
8,C,Guayas,Playas,981,2016Q2,211928.59200000035
8,C,Guayas,Playas,1013,2016Q3,252873.20500000022
8,C,Guayas,Playas,1107,2016Q4,280649.0989999991
8,C,Guayas,Playas,1441,2017Q1,376772.39830000023
8,C,Guayas,Playas,1132,2017Q2,297769.3202999997
8,C,Guayas,Playas,1509,2017Q3,364073.6119000006
8,C,Guayas,Playas,1557,2017Q4,468279.1170000014
8,C,Guayas,Playas,1289,2018Q1,375162.7990000004
8,C,Guayas,Playas,1569,2018Q2,427884.6109999999
8,C,Guayas,Playas,1704,2018Q3,495619.67500000115
8,C,Guayas,Playas,1867,2018Q4,568824.5000000021
8,C,Guayas,Playas,1922,2019Q1,514974.9179999996
8,C,Guayas,Playas,1974,2019Q2,478154.4439999998
8,C,Guayas,Playas,2025,2019Q3,472551.8850000016
8,C,Guayas,Playas,2157,2019Q4,541157.484000001
26,D,Azuay,Cuenca,1415,2016Q1,666091.2720000005
26,D,Azuay,Cuenca,1450,2016Q2,699560.1609999983
26,D,Azuay,Cuenca,1519,2016Q3,676584.3869999978
26,D,Azuay,Cuenca,1681,2016Q4,792807.1129999984
26,D,Azuay,Cuenca,2248,2017Q1,1135894.1722000013
26,D,Azuay,Cuenca,1726,2017Q2,826629.4128000011
26,D,Azuay,Cuenca,2303,2017Q3,1157068.4840000002
26,D,Azuay,Cuenca,2388,2017Q4,1430736.277000007
26,D,Azuay,Cuenca,1955,2018Q1,896614.3200000016
26,D,Azuay,Cuenca,2515,2018Q2,1097313.5950000032
26,D,Azuay,Cuenca,2674,2018Q3,1268997.8050000116
26,D,Azuay,Cuenca,2893,2018Q4,1242881.8949999996
26,D,Azuay,Cuenca,2984,2019Q1,1207589.465000002
26,D,Azuay,Cuenca,3042,2019Q2,1207345.2900000024
26,D,Azuay,Cuenca,3132,2019Q3,1160075.4949999915
26,D,Azuay,Cuenca,3325,2019Q4,1317848.8150000041
30,D,Loja,Loja,1368,2016Q1,620125.7750000006
30,D,Loja,Loja,1409,2016Q2,653607.7999999996
30,D,Loja,Loja,1458,2016Q3,663705.0290000008
30,D,Loja,Loja,1607,2016Q4,815520.4759999969
30,D,Loja,Loja,2111,2017Q1,1089558.6956000011
30,D,Loja,Loja,1651,2017Q2,799900.2500000013
30,D,Loja,Loja,2211,2017Q3,1070592.282
30,D,Loja,Loja,2296,2017Q4,1349107.3158999959
30,D,Loja,Loja,1879,2018Q1,828806.432999999
30,D,Loja,Loja,2442,2018Q2,1011245.1149999995
30,D,Loja,Loja,2597,2018Q3,1273425.852000003
30,D,Loja,Loja,2820,2018Q4,1233910.2329999998
30,D,Loja,Loja,2916,2019Q1,1107999.7930000026
30,D,Loja,Loja,2963,2019Q2,1083737.976000003
30,D,Loja,Loja,3024,2019Q3,1012166.2370000012
30,D,Loja,Loja,3214,2019Q4,1238522.4019999935
11,C,El Oro,Machala,958,2016Q1,388204.2209999999
11,C,El Oro,Machala,994,2016Q2,486118.78999999963
11,C,El Oro,Machala,1039,2016Q3,530305.9130000001
11,C,El Oro,Machala,1150,2016Q4,580090.3510000005
11,C,El Oro,Machala,1506,2017Q1,814058.8074000005
11,C,El Oro,Machala,1171,2017Q2,681106.8184000006
11,C,El Oro,Machala,1597,2017Q3,939689.1769999992
11,C,El Oro,Machala,1674,2017Q4,1098205.9109999991
11,C,El Oro,Machala,1405,2018Q1,820568.1160000002
11,C,El Oro,Machala,1767,2018Q2,1063521.3109999974
11,C,El Oro,Machala,1871,2018Q3,1264960.6129999985
11,C,El Oro,Machala,2038,2018Q4,1156816.2750000004
11,C,El Oro,Machala,2090,2019Q1,1169908.9980000018
11,C,El Oro,Machala,2148,2019Q2,1268315.753000004
11,C,El Oro,Machala,2204,2019Q3,1259078.4929999928
11,C,El Oro,Machala,2358,2019Q4,1369862.7630000021
42,D,El Oro,Machala,1362,2016Q1,355363.9110000008
42,D,El Oro,Machala,1385,2016Q2,406144.30599999963
42,D,El Oro,Machala,1447,2016Q3,437009.96000000095
42,D,El Oro,Machala,1604,2016Q4,529926.345
42,D,El Oro,Machala,2110,2017Q1,678399.8656999993
42,D,El Oro,Machala,1620,2017Q2,546611.2402999997
42,D,El Oro,Machala,2191,2017Q3,745552.5419999997
42,D,El Oro,Machala,2280,2017Q4,931328.8539000005
42,D,El Oro,Machala,1838,2018Q1,611800.3400000017
42,D,El Oro,Machala,2393,2018Q2,762743.8470000004
42,D,El Oro,Machala,2546,2018Q3,968912.8859999992
42,D,El Oro,Machala,2745,2018Q4,1022370.9970000036
42,D,El Oro,Machala,2866,2019Q1,910913.4359999977
42,D,El Oro,Machala,2953,2019Q2,964368.8710000007
42,D,El Oro,Machala,3061,2019Q3,975630.218999996
42,D,El Oro,Machala,3227,2019Q4,1198814.2139999971
24,D,Azuay,Cuenca,2663,2018Q3,506360.7399999979
24,D,Azuay,Cuenca,2947,2018Q4,1057655.308000001
24,D,Azuay,Cuenca,3017,2019Q1,1012683.0120000008
24,D,Azuay,Cuenca,3065,2019Q2,1050187.7479999994
24,D,Azuay,Cuenca,3159,2019Q3,1030951.2469999972
24,D,Azuay,Cuenca,3333,2019Q4,1222444.886999997
4,E,Esmeraldas,Esmeraldas,935,2016Q1,407778.4959999988
4,E,Esmeraldas,Esmeraldas,992,2016Q2,492869.3900000005
4,E,Esmeraldas,Esmeraldas,1038,2016Q3,576339.8450000011
4,E,Esmeraldas,Esmeraldas,1148,2016Q4,637048.9310000007
4,E,Esmeraldas,Esmeraldas,1505,2017Q1,772998.217899998
4,E,Esmeraldas,Esmeraldas,1166,2017Q2,664014.4537000007
4,E,Esmeraldas,Esmeraldas,1570,2017Q3,848540.8700000017
4,E,Esmeraldas,Esmeraldas,1621,2017Q4,925427.9269999992
4,E,Esmeraldas,Esmeraldas,1367,2018Q1,759554.2429999984
4,E,Esmeraldas,Esmeraldas,1701,2018Q2,877548.5049999987
4,E,Esmeraldas,Esmeraldas,1844,2018Q3,1082158.3640000022
4,E,Esmeraldas,Esmeraldas,2021,2018Q4,1078418.8639999991
4,E,Esmeraldas,Esmeraldas,2031,2019Q1,943095.1399999969
4,E,Esmeraldas,Esmeraldas,2074,2019Q2,950250.3350000008
4,E,Esmeraldas,Esmeraldas,2140,2019Q3,966467.3580000028
4,E,Esmeraldas,Esmeraldas,2866,2019Q4,1122804.5800000038
2,A,Pichincha,Quito,1461,2016Q1,1969226.5580000002
2,A,Pichincha,Quito,1507,2016Q2,2005939.186
2,A,Pichincha,Quito,1565,2016Q3,1977388.1179999958
2,A,Pichincha,Quito,1738,2016Q4,2374768.135
2,A,Pichincha,Quito,2320,2017Q1,3255422.5326999943
2,A,Pichincha,Quito,1778,2017Q2,2357072.859499989
2,A,Pichincha,Quito,2407,2017Q3,3585831.1172000105
2,A,Pichincha,Quito,2491,2017Q4,4181882.6051999982
2,A,Pichincha,Quito,2031,2018Q1,2399398.1559999995
2,A,Pichincha,Quito,2632,2018Q2,2977543.7530000107
2,A,Pichincha,Quito,2779,2018Q3,3924746.4630000126
2,,,,3031,2018Q4,
2,,,,3121,2019Q1,
2,A,Pichincha,Quito,3189,2019Q2,4071576.7189999917
2,A,Pichincha,Quito,3288,2019Q3,3829731.155000005
2,A,Pichincha,Quito,3467,2019Q4,4565941.915999992
19,A,Pichincha,Quito,1465,2016Q1,1644485.131999997
19,A,Pichincha,Quito,1504,2016Q2,1725065.6560000088
19,A,Pichincha,Quito,1565,2016Q3,1705842.371999996
19,A,Pichincha,Quito,1731,2016Q4,2023412.4170000043
19,A,Pichincha,Quito,2316,2017Q1,2775244.529000013
19,A,Pichincha,Quito,1783,2017Q2,2114054.55499999
19,A,Pichincha,Quito,2402,2017Q3,2858612.6382999993
19,A,Pichincha,Quito,2497,2017Q4,3497799.974100012
19,A,Pichincha,Quito,2035,2018Q1,2207570.7730000042
19,A,Pichincha,Quito,2627,2018Q2,2710109.4469999857
19,A,Pichincha,Quito,2773,2018Q3,3396359.756999985
19,A,Pichincha,Quito,3036,2018Q4,3659443.905000025
19,A,Pichincha,Quito,3108,2019Q1,3466710.991999993
19,A,Pichincha,Quito,3181,2019Q2,3599011.407999995
19,A,Pichincha,Quito,3272,2019Q3,3416405.7810000093
19,A,Pichincha,Quito,3471,2019Q4,4041959.7730000126
10,A,Pichincha,Quito,1454,2016Q1,1463804.7359999963
10,A,Pichincha,Quito,1495,2016Q2,1499063.049000001
10,A,Pichincha,Quito,1554,2016Q3,1497409.4159999962
10,A,Pichincha,Quito,1727,2016Q4,1781417.3840000024
10,A,Pichincha,Quito,2304,2017Q1,2135390.099100001
10,A,Pichincha,Quito,1771,2017Q2,1748440.8356000057
10,A,Pichincha,Quito,2394,2017Q3,2159372.084000006
10,A,Pichincha,Quito,2490,2017Q4,2666378.841900004
10,A,Pichincha,Quito,2032,2018Q1,1841505.9280000047
10,A,Pichincha,Quito,2633,2018Q2,2227117.6659999983
10,A,Pichincha,Quito,2763,2018Q3,2512206.70900001
10,A,Pichincha,Quito,3015,2018Q4,2750186.8880000142
10,A,Pichincha,Quito,3098,2019Q1,2471099.5640000016
10,A,Pichincha,Quito,3171,2019Q2,2483138.0019999873
10,A,Pichincha,Quito,3268,2019Q3,2397630.890999995
10,A,Pichincha,Quito,3460,2019Q4,3024574.8800000213
0,A,Pichincha,Quito,1459,2016Q1,1589601.174999999
0,A,Pichincha,Quito,1497,2016Q2,1611812.2509999997
0,A,Pichincha,Quito,1550,2016Q3,1572969.354999997
0,A,Pichincha,Quito,1722,2016Q4,1952776.449000002
0,A,Pichincha,Quito,2303,2017Q1,2596324.0836000037
0,A,Pichincha,Quito,1768,2017Q2,2007097.9806000043
0,A,Pichincha,Quito,2387,2017Q3,2625913.6983000007
0,A,Pichincha,Quito,2502,2017Q4,3225928.9072999917
0,A,Pichincha,Quito,2041,2018Q1,2109398.1280000024
0,A,Pichincha,Quito,2628,2018Q2,2554181.2470000014
0,A,Pichincha,Quito,2766,2018Q3,3152761.4370000088
0,A,Pichincha,Quito,3037,2018Q4,3503680.5280000167
0,A,Pichincha,Quito,3119,2019Q1,3261528.7290000087
0,A,Pichincha,Quito,3179,2019Q2,3238422.873999995
0,A,Pichincha,Quito,3275,2019Q3,3115980.677999987
0,A,Pichincha,Quito,3459,2019Q4,3760813.147000016
18,A,Pichincha,Quito,1441,2016Q1,1210773.1799999962
18,A,Pichincha,Quito,1482,2016Q2,1271048.117999999
18,A,Pichincha,Quito,1541,2016Q3,1264617.8640000015
18,A,Pichincha,Quito,1727,2016Q4,1585201.3970000031
18,A,Pichincha,Quito,2310,2017Q1,1870452.2573999853
18,A,Pichincha,Quito,1763,2017Q2,1534542.414099996
18,A,Pichincha,Quito,2378,2017Q3,1868429.4419999847
18,A,Pichincha,Quito,2475,2017Q4,2329341.637000006
18,A,Pichincha,Quito,2028,2018Q1,1594632.3389999976
18,A,Pichincha,Quito,2607,2018Q2,1872666.9030000041
18,A,Pichincha,Quito,2743,2018Q3,2156004.299000001
18,A,Pichincha,Quito,2997,2018Q4,2427723.6589999967
18,A,Pichincha,Quito,3079,2019Q1,2149254.1609999985
18,A,Pichincha,Quito,3133,2019Q2,2181708.2050000043
18,A,Pichincha,Quito,3230,2019Q3,2073192.4320000003
18,A,Pichincha,Quito,3402,2019Q4,2527395.5620000074
36,A,Pichincha,Quito,1454,2016Q1,875214.8570000003
36,A,Pichincha,Quito,1492,2016Q2,970488.7860000021
36,A,Pichincha,Quito,1554,2016Q3,986296433386.4272
36,A,Pichincha,Quito,1723,2016Q4,1346416.9539999976
36,A,Pichincha,Quito,2315,2017Q1,1904039.548899991
36,A,Pichincha,Quito,1774,2017Q2,1412512.3853000032
36,A,Pichincha,Quito,2396,2017Q3,2054420.754399997
36,A,Pichincha,Quito,2508,2017Q4,2751570.541899986
36,A,Pichincha,Quito,2028,2018Q1,1727923.8230000043
36,A,Pichincha,Quito,2618,2018Q2,2188521.110000009
36,A,Pichincha,Quito,2760,2018Q3,2918213.1949999887
36,A,Pichincha,Quito,3022,2018Q4,3200646.278000009
36,A,Pichincha,Quito,3104,2019Q1,3008452.438000004
36,A,Pichincha,Quito,3191,2019Q2,3114150.549999992
36,A,Pichincha,Quito,3270,2019Q3,2970008.028999997
36,A,Pichincha,Quito,3460,2019Q4,3600137.478000001
27,A,Tungurahua,Ambato,1454,2016Q1,1038614.2679999986
27,A,Tungurahua,Ambato,1484,2016Q2,1066304.6809999992
27,A,Tungurahua,Ambato,1540,2016Q3,1070200.0359999987
27,A,Tungurahua,Ambato,1708,2016Q4,1207693.2079999992
27,A,Tungurahua,Ambato,2274,2017Q1,1451837.850800005
27,A,Tungurahua,Ambato,1767,2017Q2,1156593.7004000004
27,A,Tungurahua,Ambato,2381,2017Q3,1481153.2599999963
27,A,Tungurahua,Ambato,2483,2017Q4,1850411.7571000075
27,A,Tungurahua,Ambato,2017,2018Q1,1215705.3950000056
27,A,Tungurahua,Ambato,2622,2018Q2,1445581.642000006
27,A,Tungurahua,Ambato,2767,2018Q3,1695363.6010000054
27,A,Tungurahua,Ambato,3025,2018Q4,1886976.6479999984
27,A,Tungurahua,Ambato,3079,2019Q1,1692959.9140000015
27,A,Tungurahua,Ambato,3148,2019Q2,1731013.24699999
27,A,Tungurahua,Ambato,3235,2019Q3,1668196.127000006
27,A,Tungurahua,Ambato,3436,2019Q4,2079186.362999984
17,A,Guayas,Guayaquil,1448,2016Q1,1031500.0859999969
17,A,Guayas,Guayaquil,1487,2016Q2,1170896.993999997
17,A,Guayas,Guayaquil,1544,2016Q3,1214291.7290000005
17,A,Guayas,Guayaquil,1710,2016Q4,1309524.4920000015
17,A,Guayas,Guayaquil,2283,2017Q1,1712897.9350000087
17,A,Guayas,Guayaquil,1751,2017Q2,1342248.027299995
17,A,Guayas,Guayaquil,2358,2017Q3,1805326.4681000025
17,A,Guayas,Guayaquil,2463,2017Q4,2143287.2017000043
17,A,Guayas,Guayaquil,1981,2018Q1,1273930.9080000005
17,A,Guayas,Guayaquil,2589,2018Q2,1667370.0710000028
17,A,Guayas,Guayaquil,2719,2018Q3,2169864.668
17,A,Guayas,Guayaquil,2954,2018Q4,2216775.88300001
17,A,Guayas,Guayaquil,3037,2019Q1,1998204.4999999902
17,A,Guayas,Guayaquil,3128,2019Q2,2178889.0110000065
17,A,Guayas,Guayaquil,3208,2019Q3,2093935.0509999988
17,A,Guayas,Guayaquil,3389,2019Q4,2218257.368000004
6,D,Manabi,Manta,1682,2017Q2,200531.65919999976
6,D,Manabi,Manta,2278,2017Q3,530234.4970000011
6,D,Manabi,Manta,2332,2017Q4,645730.9029999997
6,D,Manabi,Manta,1909,2018Q1,445323.7390000003
6,D,Manabi,Manta,2448,2018Q2,570330.043000001
6,D,Manabi,Manta,2601,2018Q3,736955.1599999992
6,D,Manabi,Manta,2808,2018Q4,810017.7459999976
6,D,Manabi,Manta,2858,2019Q1,718992.4519999933
6,D,Manabi,Manta,2946,2019Q2,1392095.9850000031
6,D,Manabi,Manta,3025,2019Q3,1278112.5420000006
6,D,Manabi,Manta,3191,2019Q4,1165040.3470000008
21,C,Manabi,El Carmen,918,2016Q1,347080.18100000016
21,C,Manabi,El Carmen,971,2016Q2,383191.9320000004
21,C,Manabi,El Carmen,1005,2016Q3,389473.43999999977
21,C,Manabi,El Carmen,1097,2016Q4,410565.999
21,C,Manabi,El Carmen,1378,2017Q1,492535.1232000002
21,C,Manabi,El Carmen,1093,2017Q2,429523.7905999996
21,C,Manabi,El Carmen,1469,2017Q3,549985.3760000011
21,C,Manabi,El Carmen,1533,2017Q4,620074.9779999998
21,C,Manabi,El Carmen,1319,2018Q1,484014.56699999905
21,C,Manabi,El Carmen,1614,2018Q2,556943.4269999998
21,C,Manabi,El Carmen,1697,2018Q3,674937.138999999
21,C,Manabi,El Carmen,1857,2018Q4,705488.8749999999
21,C,Manabi,El Carmen,1885,2019Q1,652878.033000001
21,C,Manabi,El Carmen,1939,2019Q2,742231.0849999983
21,C,Manabi,El Carmen,1958,2019Q3,749961.5660000006
21,C,Manabi,El Carmen,2142,2019Q4,799269.0379999975
